<record><leader>00000cas a22000007a 4500</leader><controlfield tag="001">12874838</controlfield><controlfield tag="008">851205d19051953wiuwr ne      0    0eng d</controlfield><datafield ind1=" " ind2=" " tag="010"><subfield code="a">sn 85041574 </subfield></datafield><datafield ind1=" " ind2=" " tag="040"><subfield code="a">NPV</subfield><subfield code="b">eng</subfield><subfield code="c">NPV</subfield><subfield code="d">OCLCQ</subfield></datafield><datafield ind1=" " ind2=" " tag="042"><subfield code="a">msc</subfield></datafield><datafield ind1=" " ind2=" " tag="045"><subfield code="a">x0x5</subfield></datafield><datafield ind1=" " ind2=" " tag="052"><subfield code="a">4123</subfield><subfield code="b">F6</subfield></datafield><datafield ind1="0" ind2=" " tag="130"><subfield code="a">Ripon weekly press (Ripon, Wis. : 1905)</subfield></datafield><datafield ind1="1" ind2="4" tag="245"><subfield code="a">The Ripon weekly press.</subfield></datafield><datafield ind1=" " ind2=" " tag="260"><subfield code="a">Ripon, Fond du Lac County, Wis. :</subfield><subfield code="b">E.L. Howe,</subfield><subfield code="c">1905-1953.</subfield></datafield><datafield ind1=" " ind2=" " tag="300"><subfield code="a">49 v. :</subfield><subfield code="b">ill.</subfield></datafield><datafield ind1=" " ind2=" " tag="310"><subfield code="a">Weekly</subfield></datafield><datafield ind1="0" ind2=" " tag="362"><subfield code="a">Thirty-ninth year, no, 40 (Dec. 6, 1905)-eighty-seventh year, no. 9 (Oct. 22, 1953).</subfield></datafield><datafield ind1=" " ind2=" " tag="500"><subfield code="a">Publisher varies.</subfield></datafield><datafield ind1=" " ind2=" " tag="500"><subfield code="a">Editor: E.L. Howe, Dec. 6, 1905-Oct. 22, 1908.</subfield></datafield><datafield ind1=" " ind2=" " tag="525"><subfield code="a">Supplements accompany some issues.</subfield></datafield><datafield ind1=" " ind2=" " tag="530"><subfield code="a">Available on microfilm from The State Historical Society of Wisconsin.</subfield></datafield><datafield ind1=" " ind2=" " tag="580"><subfield code="a">Other editions available: Ripon semi-weekly press, Dec. 4, 1905-Feb. 28, 1908.</subfield></datafield><datafield ind1=" " ind2=" " tag="752"><subfield code="a">United States</subfield><subfield code="b">Wisconsin</subfield><subfield code="c">Fond du Lac</subfield><subfield code="d">Ripon.</subfield></datafield><datafield ind1="1" ind2=" " tag="775"><subfield code="t">Ripon semi-weekly press</subfield><subfield code="w">(DLC)sn 85041573</subfield></datafield><datafield ind1="0" ind2="0" tag="780"><subfield code="t">Ripon press (Ripon, Wis. : 1900)</subfield><subfield code="w">(DLC)sn 85041572</subfield></datafield><datafield ind1="0" ind2="0" tag="785"><subfield code="t">Ripon press (Ripon, Wis. : 1953)</subfield><subfield code="w">(DLC)sn 85041575</subfield></datafield><datafield ind1="1" ind2=" " tag="029"><subfield code="a">AU@</subfield><subfield code="b">000025816387</subfield></datafield></record>